<record><leader>00000cas a22000007a 4500</leader><controlfield tag="001">22245760</controlfield><controlfield tag="008">900820d19561968nhuwr ne      0    0eng d</controlfield><datafield ind1=" " ind2=" " tag="010"><subfield code="a">sn 90062098 </subfield></datafield><datafield ind1=" " ind2=" " tag="040"><subfield code="a">NVH</subfield><subfield code="b">eng</subfield><subfield code="c">NVH</subfield><subfield code="d">OCLCQ</subfield></datafield><datafield ind1=" " ind2=" " tag="042"><subfield code="a">msc</subfield></datafield><datafield ind1="0" ind2="4" tag="245"><subfield code="a">The Weekly Monadnock ledger.</subfield></datafield><datafield ind1=" " ind2=" " tag="260"><subfield code="a">Jaffrey, N.H. :</subfield><subfield code="b">Monadnock Ledger</subfield></datafield><datafield ind1=" " ind2=" " tag="300"><subfield code="a">v.</subfield></datafield><datafield ind1=" " ind2=" " tag="310"><subfield code="a">Weekly</subfield></datafield><datafield ind1="0" ind2=" " tag="362"><subfield code="a">Vol. 1, no. 1 (Nov. 21, 1956)-v. 13, no. 6 (Dec. 31, 1968).</subfield></datafield><datafield ind1=" " ind2=" " tag="752"><subfield code="a">United States</subfield><subfield code="b">New Hampshire</subfield><subfield code="c">Cheshire</subfield><subfield code="d">Jaffrey.</subfield></datafield><datafield ind1="0" ind2="0" tag="785"><subfield code="t">Monadnock ledger (Jaffrey, N.H.)</subfield><subfield code="w">(DLC)sn 90062093</subfield></datafield></record>